<?xml version="1.0" encoding="UTF-8"?>
<collection xmlns:xsi="http://www.w3.org/2001/XMLSchema-instance" xsi:schemaLocation="http://www.loc.gov/MARC21/slim http://www.loc.gov/standards/marcxml/schema/MARC21slim.xsd" xmlns="http://www.loc.gov/MARC21/slim">
<record>
  <leader>01144cam a22002411  4500</leader>
  <controlfield tag="001">3275702</controlfield>
  <controlfield tag="003">NNC</controlfield>
  <controlfield tag="005">20150920222936.0</controlfield>
  <controlfield tag="008">020506s1947    ua            000 0 ara d</controlfield>
  <datafield tag="035" ind1=" " ind2=" ">
    <subfield code="a">(OCoLC)ocm49725076</subfield>
  </datafield>
  <datafield tag="035" ind1=" " ind2=" ">
    <subfield code="9">AUQ7942CU</subfield>
  </datafield>
  <datafield tag="035" ind1=" " ind2=" ">
    <subfield code="a">(NNC)3275702</subfield>
  </datafield>
  <datafield tag="040" ind1=" " ind2=" ">
    <subfield code="a">ZCU</subfield>
    <subfield code="c">ZCU</subfield>
  </datafield>
  <datafield tag="099" ind1=" " ind2=" ">
    <subfield code="a">893.7Ab911</subfield>
    <subfield code="a">DD</subfield>
  </datafield>
  <datafield tag="100" ind1="1" ind2=" ">
    <subfield code="a">Dhahabī, Muḥammad ibn Aḥmad,</subfield>
    <subfield code="d">1274-1348.</subfield>
  </datafield>
  <datafield tag="245" ind1="1" ind2="0">
    <subfield code="a">Manāqib al-Imām Abī Hanīfah wa-sāhibaihi Abī Yūsuf wa-Muḥammad ibn al-Ḥasan</subfield>
    <subfield code="b">[al-Shaibānī], lil-Imām Abī ʻAbd-Allāh Muḥammad ibn Aḥmad ibn ʻUthmān al-Dhahabī. ʻUniya bi-taḥqīqihī wa-al-taʻlīq ʻalaihi Muḥammad Zāhid al-Kautharī [wa] Abū al-Wafā al-Afghānī;</subfield>
    <subfield code="c">ashrafa ʻalá tabʻihi Riḍwān-Muḥammad Riḍwān-Allāh.</subfield>
  </datafield>
  <datafield tag="260" ind1=" " ind2=" ">
    <subfield code="a">Miṣr,</subfield>
    <subfield code="b">Dār al-Kitāb al-ʻArabī</subfield>
    <subfield code="c">[1366 h., 1947 m.]</subfield>
  </datafield>
  <datafield tag="300" ind1=" " ind2=" ">
    <subfield code="a">63 p.</subfield>
  </datafield>
  <datafield tag="600" ind1="0" ind2="0">
    <subfield code="a">Abū Ḥanīfah,</subfield>
    <subfield code="d">-767 or 768.</subfield>
  </datafield>
  <datafield tag="600" ind1="0" ind2="0">
    <subfield code="a">Abū Yūsuf Yaʻqūb,</subfield>
    <subfield code="d">731 or 732-798.</subfield>
  </datafield>
  <datafield tag="600" ind1="1" ind2="0">
    <subfield code="a">Shaybānī, Muḥammad ibn al-Ḥasan,</subfield>
    <subfield code="d">approximately 750-804 or 805.</subfield>
  </datafield>
  <datafield tag="700" ind1="1" ind2=" ">
    <subfield code="a">Kauthari, Muhammad Zahid al-,</subfield>
    <subfield code="d">1879-1952,</subfield>
    <subfield code="e">editor.</subfield>
  </datafield>
  <datafield tag="955" ind1=" " ind2=" ">
    <subfield code="b">0061913936</subfield>
    <subfield code="d">glx</subfield>
    <subfield code="e">893.7Ab911 DD</subfield>
  </datafield>
</record>
</collection>